@misc{notes-lbl,
	author={M. Law and A. Russo},
	title={Logic Based Learning},
	year={2021},
	note={Notes from Imperial College London Module}
}